@article{Endres:2012cw,
      author         = "Endres, Michael G. and Kaplan, David B. and Lee, Jong-Wan
                        and Nicholson, Amy N.",
      title          = "{Lattice Monte Carlo calculations for unitary fermions in
                        a finite box}",
      journal        = "Phys. Rev.",
      volume         = "A87",
      year           = "2013",
      number         = "2",
      pages          = "023615",
      doi            = "10.1103/PhysRevA.87.023615",
      eprint         = "1203.3169",
      archivePrefix  = "arXiv",
      primaryClass   = "hep-lat",
      reportNumber   = "INT-PUB-12-011, KEK-CP-266, RIKEN-QHP-16,
                        UM-DOE-ER-40762-517",
      SLACcitation   = "%%CITATION = ARXIV:1203.3169;%%"
}

@article{Endres:2011er,
      author         = "Endres, Michael G. and Kaplan, David B. and Lee, Jong-Wan
                        and Nicholson, Amy N.",
      title          = "{Lattice Monte Carlo calculations for unitary fermions in
                        a harmonic trap}",
      journal        = "Phys. Rev.",
      volume         = "A84",
      year           = "2011",
      pages          = "043644",
      doi            = "10.1103/PhysRevA.84.043644",
      eprint         = "1106.5725",
      archivePrefix  = "arXiv",
      primaryClass   = "hep-lat",
      reportNumber   = "CU-TP-1198, INT-PUB-11-024, RIKEN-QHP-3",
      SLACcitation   = "%%CITATION = ARXIV:1106.5725;%%"
}

@article{Lee:2007ae,
      author         = "Lee, Dean",
      title          = "{The Symmetric heavy-light ansatz}",
      journal        = "Eur. Phys. J.",
      volume         = "A35",
      year           = "2008",
      pages          = "171-187",
      doi            = "10.1140/epja/i2008-10537-2",
      eprint         = "0704.3439",
      archivePrefix  = "arXiv",
      primaryClass   = "cond-mat.supr-con",
      SLACcitation   = "%%CITATION = ARXIV:0704.3439;%%"
}

@article{Hamber198399, title = "Numerical simulations of quantum chromodynamics", journal = "Physics Letters B", volume = "124", number = "1-2",
	pages = "99 - 104",
	year = "1983",
	note = "",
	issn = "0370-2693",
	doi = "10.1016/0370-2693(83)91412-0",
	author = "H.W. Hamber and E. Marinari and G. Parisi and C. Rebbi"
}


@article {luscher:1986I,
   author = {L\"uscher, M.},
   affiliation = {Theory Division Deutsches Elektronen-Synchrotron DESY D-2000 Hamburg 52 Federal Republic of Germany},
   title = {Volume dependence of the energy spectrum in massive quantum field theories I},
   journal = {Communications in Mathematical Physics},
   publisher = {Springer Berlin / Heidelberg},
   issn = {0010-3616},
   keyword = {Physics and Astronomy},
   pages = {177-206},
   volume = {104},
   issue = {2},
   note = {10.1007/BF01211589},
   year = {1986}
}

@article {luscher:1986II,
	author = {L\"uscher, M.},
	title = {Volume dependence of the energy spectrum in massive quantum field theories II},
	journal = {Communications in Mathematical Physics},
	publisher = {Springer Berlin / Heidelberg},
	issn = {0010-3616},
	keyword = {Physics and Astronomy},
	pages = {153-188},
	volume = {105},
	issue = {2},
	note = {10.1007/BF01211097},
	year = {1986}
}

@article{wiese1989,
	title = "Identification of resonance parameters from the finite volume energy spectrum",
	journal = "Nuclear Physics B - Proceedings Supplements",
	volume = "9",
	number = "0",
	pages = "609 - 613",
	year = "1989",
	note = "",
	issn = "0920-5632",
	doi = "10.1016/0920-5632(89)90171-0",
	author = "U.-J. Wiese"
}

@article{Luscher1991,
	title = "Two-particle states on a torus and their relation to the scattering matrix",
	journal = "Nuclear Physics B",
	volume = "354",
	number = "2-3",
	pages = "531 - 578",
	year = "1991",
	note = "",
	issn = "0550-3213",
	doi = "10.1016/0550-3213(91)90366-6",
	author = {Martin L\"uscher}
}

@article{Luscher1991237,
title = "Signatures of unstable particles in finite volume",
journal = "Nuclear Physics B",
volume = "364",
number = "1",
pages = "237 - 251",
year = "1991",
note = "",
issn = "0550-3213",
doi = "10.1016/0550-3213(91)90584-K",
author = {Martin L\"uscher}
}

@article{Kaplan:1998we,
      author         = "Kaplan, David B. and Savage, Martin J. and Wise, Mark B.",
      title          = "{Two nucleon systems from effective field theory}",
      journal        = "Nucl. Phys.",
      volume         = "B534",
      year           = "1998",
      pages          = "329-355",
      doi            = "10.1016/S0550-3213(98)00440-4",
      eprint         = "nucl-th/9802075",
      archivePrefix  = "arXiv",
      primaryClass   = "nucl-th",
      reportNumber   = "DOE-ER-40561-357, INT-98-00-5, NT-UW-98-08, CALT-68-2161",
      SLACcitation   = "%%CITATION = NUCL-TH/9802075;%%"
}

@article{Beane:2003da,
      author         = "Beane, S. R. and Bedaque, P. F. and Parreno, A. and
                        Savage, M. J.",
      title          = "{Two nucleons on a lattice}",
      journal        = "Phys. Lett.",
      volume         = "B585",
      year           = "2004",
      pages          = "106-114",
      doi            = "10.1016/j.physletb.2004.02.007",
      eprint         = "hep-lat/0312004",
      archivePrefix  = "arXiv",
      primaryClass   = "hep-lat",
      reportNumber   = "UNH-03-02, LBNL-54092, NT-UW-03-033, JLAB-THY-03-225",
      SLACcitation   = "%%CITATION = HEP-LAT/0312004;%%"
}

@article{busch1998,
author = {Busch, Thomas and Englert, Berthold-Georg and Rzazewski, Kazimierz and Wilkens, Martin},
year = {1998},
month = {04},
pages = {},
title = {"Two Cold Atoms in a Harmonic Trap"},
volume = {28},
doi ={10.1023/A:1018705520999},
booktitle = {Foundations of Physics}
}


@article{Morningstar:2017spu,
      author         = "Morningstar, Colin and Bulava, John and Singha, Bijit and
                        Brett, Ruairí and Fallica, Jacob and Hanlon, Andrew and
                        Hörz, Ben",
      title          = "{Estimating the two-particle $K$-matrix for multiple
                        partial waves and decay channels from finite-volume
                        energies}",
      journal        = "Nucl. Phys.",
      volume         = "B924",
      year           = "2017",
      pages          = "477-507",
      doi            = "10.1016/j.nuclphysb.2017.09.014",
      eprint         = "1707.05817",
      archivePrefix  = "arXiv",
      primaryClass   = "hep-lat",
      SLACcitation   = "%%CITATION = ARXIV:1707.05817;%%"
}

@article{Morningstar:2hib,
      author         = "Morningstar, Colin",
      title          = "\texttt{TwoHadronsInBox}",
      url            = "https://github.com/cjmorningstar10/TwoHadronsInBox",
      note           = "GitHub Repository \url{https://github.com/cjmorningstar10/TwoHadronsInBox}"
}

@article{Zhu:2019dho,
      author         = "Zhu, Shangguo and Tan, Shina",
      title          = "{$d$-dimensional L\"uscher's formula and the
                        near-threshold three-body states in a finite volume}",
      year           = "2019",
      eprint         = "1905.05117",
      archivePrefix  = "arXiv",
      primaryClass   = "nucl-th",
      SLACcitation   = "%%CITATION = ARXIV:1905.05117;%%"
}


@article{Borasoy:2007vy,
      author         = "Borasoy, Bugra and Epelbaum, Evgeny and Krebs, Hermann
                        and Lee, Dean and Mei{\ss}ner, Ulf-G.",
      title          = "{Two-particle scattering on the lattice: Phase shifts,
                        spin-orbit coupling, and mixing angles}",
      journal        = "Eur. Phys. J.",
      volume         = "A34",
      year           = "2007",
      pages          = "185-196",
      doi            = "10.1140/epja/i2007-10500-9",
      eprint         = "0708.1780",
      archivePrefix  = "arXiv",
      primaryClass   = "nucl-th",
      SLACcitation   = "%%CITATION = ARXIV:0708.1780;%%"
}

@article{Borasoy:2007vi,
      author         = "Borasoy, Bugra and Epelbaum, Evgeny and Krebs, Hermann
                        and Lee, Dean and Meissner, Ulf-G.",
      title          = "{Chiral effective field theory on the lattice at
                        next-to-leading order}",
      journal        = "Eur. Phys. J.",
      volume         = "A35",
      year           = "2008",
      pages          = "343-355",
      doi            = "10.1140/epja/i2008-10544-3",
      eprint         = "0712.2990",
      archivePrefix  = "arXiv",
      primaryClass   = "nucl-th",
      SLACcitation   = "%%CITATION = ARXIV:0712.2990;%%"
}

@article{Lee:2008fa,
      author         = "Lee, Dean",
      title          = "{Lattice simulations for few- and many-body systems}",
      journal        = "Prog. Part. Nucl. Phys.",
      volume         = "63",
      year           = "2009",
      pages          = "117-154",
      doi            = "10.1016/j.ppnp.2008.12.001",
      eprint         = "0804.3501",
      archivePrefix  = "arXiv",
      primaryClass   = "nucl-th",
      SLACcitation   = "%%CITATION = ARXIV:0804.3501;%%"
}

@article{Epelbaum:2008vj,
      author         = "Epelbaum, Evgeny and Krebs, Hermann and Lee, Dean and
                        Meissner, Ulf-G.",
      title          = "{Ground state energy of dilute neutron matter at
                        next-to-leading order in lattice chiral effective field
                        theory}",
      journal        = "Eur. Phys. J.",
      volume         = "A40",
      year           = "2009",
      pages          = "199-213",
      doi            = "10.1140/epja/i2009-10755-0",
      eprint         = "0812.3653",
      archivePrefix  = "arXiv",
      primaryClass   = "nucl-th",
      SLACcitation   = "%%CITATION = ARXIV:0812.3653;%%"
}

@article{Epelbaum:2010xt,
      author         = "Epelbaum, Evgeny and Krebs, Hermann and Lee, Dean and
                        Meissner, Ulf-G.",
      title          = "{Lattice calculations for A=3,4,6,12 nuclei using chiral
                        effective field theory}",
      journal        = "Eur. Phys. J.",
      volume         = "A45",
      year           = "2010",
      pages          = "335-352",
      doi            = "10.1140/epja/i2010-11009-x",
      eprint         = "1003.5697",
      archivePrefix  = "arXiv",
      primaryClass   = "nucl-th",
      SLACcitation   = "%%CITATION = ARXIV:1003.5697;%%"
}

@article{Elhatisari:2015iga,
      author         = "Elhatisari, Serdar and Lee, Dean and Rupak, Gautam and
                        Epelbaum, Evgeny and Krebs, Hermann and Lähde, Timo A.
                        and Luu, Thomas and Meißner, Ulf-G.",
      title          = "{Ab initio alpha-alpha scattering}",
      journal        = "Nature",
      volume         = "528",
      year           = "2015",
      pages          = "111",
      doi            = "10.1038/nature16067",
      eprint         = "1506.03513",
      archivePrefix  = "arXiv",
      primaryClass   = "nucl-th",
      SLACcitation   = "%%CITATION = ARXIV:1506.03513;%%"
}

@article{Elhatisari:2016owd,
      author         = "Elhatisari, Serdar and others",
      title          = "{Nuclear binding near a quantum phase transition}",
      journal        = "Phys. Rev. Lett.",
      volume         = "117",
      year           = "2016",
      number         = "13",
      pages          = "132501",
      doi            = "10.1103/PhysRevLett.117.132501",
      eprint         = "1602.04539",
      archivePrefix  = "arXiv",
      primaryClass   = "nucl-th",
      SLACcitation   = "%%CITATION = ARXIV:1602.04539;%%"
}


@article{Elhatisari:2016hby,
      author         = "Elhatisari, Serdar and Lee, Dean and Meißner, Ulf-G. and
                        Rupak, Gautam",
      title          = "{Nucleon-deuteron scattering using the adiabatic
                        projection method}",
      journal        = "Eur. Phys. J.",
      volume         = "A52",
      year           = "2016",
      number         = "6",
      pages          = "174",
      doi            = "10.1140/epja/i2016-16174-2",
      eprint         = "1603.02333",
      archivePrefix  = "arXiv",
      primaryClass   = "nucl-th",
      SLACcitation   = "%%CITATION = ARXIV:1603.02333;%%"
}

@article{Alarcon:2017zcv,
      author         = "Alarcón, Jose Manuel and Du, Dechuan and Klein, Nico and
                        Lähde, Timo A. and Lee, Dean and Li, Ning and Lu,
                        Bing-Nan and Luu, Thomas and Meißner, Ulf-G.",
      title          = "{Neutron-proton scattering at next-to-next-to-leading
                        order in Nuclear Lattice Effective Field Theory}",
      journal        = "Eur. Phys. J.",
      volume         = "A53",
      year           = "2017",
      number         = "5",
      pages          = "83",
      doi            = "10.1140/epja/i2017-12273-x",
      eprint         = "1702.05319",
      archivePrefix  = "arXiv",
      primaryClass   = "nucl-th",
      reportNumber   = "JLAB-THY-17-2426",
      SLACcitation   = "%%CITATION = ARXIV:1702.05319;%%"
}

@article{Klein:2018lqz,
      author         = "Klein, Nico and Elhatisari, Serdar and Lähde, Timo A.
                        and Lee, Dean and Meißner, Ulf-G.",
      title          = "{The Tjon Band in Nuclear Lattice Effective Field
                        Theory}",
      journal        = "Eur. Phys. J.",
      volume         = "A54",
      year           = "2018",
      number         = "7",
      pages          = "121",
      doi            = "10.1140/epja/i2018-12553-y",
      eprint         = "1803.04231",
      archivePrefix  = "arXiv",
      primaryClass   = "nucl-th",
      SLACcitation   = "%%CITATION = ARXIV:1803.04231;%%"
}

@article{Li:2019ldq,
      author         = "Li, Ning and Elhatisari, Serdar and Epelbaum, Evgeny and
                        Lee, Dean and Lu, Bingnan and Meißner, Ulf-G",
      title          = "{Galilean invariance restoration on the lattice}",
      journal        = "Phys. Rev.",
      volume         = "C99",
      year           = "2019",
      number         = "6",
      pages          = "064001",
      doi            = "10.1103/PhysRevC.99.064001",
      eprint         = "1902.01295",
      archivePrefix  = "arXiv",
      primaryClass   = "nucl-th",
      SLACcitation   = "%%CITATION = ARXIV:1902.01295;%%"
}

@article{Bovermann:2019jbt,
      author         = "Bovermann, Lukas and Epelbaum, Evgeny and Krebs, Hermann
                        and Lee, Dean",
      title          = "{Scattering phase shifts and mixing angles for an
                        arbitrary number of coupled channels on the lattice}",
      year           = "2019",
      eprint         = "1905.02492",
      archivePrefix  = "arXiv",
      primaryClass   = "nucl-th",
      SLACcitation   = "%%CITATION = ARXIV:1905.02492;%%"
}
